<collection xmlns="http://www.loc.gov/MARC21/slim">
<record>
  <leader>00824nam0a22002171i 450 </leader>
  <controlfield tag="001">IT\ICCU\CNCE\072059</controlfield>
  <controlfield tag="005">20170228000000.0</controlfield>
  <datafield tag="012" ind1=" " ind2=" ">
    <subfield code="a">      </subfield>
    <subfield code="2">fei</subfield>
    <subfield code="9">INR</subfield>
  </datafield>
  <datafield tag="100" ind1=" " ind2=" ">
    <subfield code="a">20071122d1583        0itac0103    ba</subfield>
  </datafield>
  <datafield tag="101" ind1=" " ind2=" ">
    <subfield code="a">GRC</subfield>
  </datafield>
  <datafield tag="102" ind1=" " ind2=" ">
    <subfield code="a">IT</subfield>
  </datafield>
  <datafield tag="200" ind1="1" ind2=" ">
    <subfield code="a">Oktoechos</subfield>
  </datafield>
  <datafield tag="210" ind1=" " ind2=" ">
    <subfield code="a">Enetiesi</subfield>
    <subfield code="c">para ton \!! kleronomou Christophorou tou Zaneto</subfield>
    <subfield code="d">1583 \Venezia</subfield>
    <subfield code="c">Pietro Zanetti!</subfield>
  </datafield>
  <datafield tag="215" ind1=" " ind2=" ">
    <subfield code="a">\160! c.</subfield>
    <subfield code="d">8ʻ</subfield>
  </datafield>
  <datafield tag="620" ind1=" " ind2=" ">
    <subfield code="a">IT</subfield>
    <subfield code="d">Venezia</subfield>
  </datafield>
  <datafield tag="710" ind1="0" ind2="2">
    <subfield code="a">Chiesa cattolica</subfield>
    <subfield code="3">6731</subfield>
  </datafield>
  <datafield tag="712" ind1="0" ind2="0">
    <subfield code="a">Zanetti, Cristoforo - eredi</subfield>
    <subfield code="3">IT\ICCU\CNCT\006281</subfield>
    <subfield code="4">650</subfield>
  </datafield>
  <datafield tag="801" ind1=" " ind2="3">
    <subfield code="a">IT</subfield>
    <subfield code="b">ICCU</subfield>
    <subfield code="c">20201115</subfield>
  </datafield>
  <datafield tag="899" ind1=" " ind2=" ">
    <subfield code="a">Biblioteca Angelica. Roma</subfield>
    <subfield code="1">RM0290</subfield>
    <subfield code="2">RML 06</subfield>
  </datafield>
  <datafield tag="911" ind1=" " ind2=" ">
    <subfield code="a">nel coloph.</subfield>
    <subfield code="9">IT\ICCU\CNCM\001488</subfield>
  </datafield>
  <datafield tag="921" ind1=" " ind2=" ">
    <subfield code="a">IT\ICCU\CNCM\001488</subfield>
    <subfield code="b">Tre lance in palo unite da un nastro. Ai lati le iniziali C.Z. In cornice figurata</subfield>
    <subfield code="c">U409</subfield>
    <subfield code="d">Dimensioni: 5,5 x 7,7</subfield>
    <subfield code="f">LANCE</subfield>
    <subfield code="f">CZ</subfield>
    <subfield code="g">1583-1587</subfield>
  </datafield>
</record>
</collection>
